<?xml version="1.0" encoding="UTF-8"?><collection xmlns="http://www.loc.gov/MARC21/slim"><record><leader>00505nam--2200181-i-4500</leader><controlfield tag="001">000002270</controlfield><controlfield tag="002">20161230</controlfield><controlfield tag="005">20161230201024</controlfield><controlfield tag="008">060222s1000------------r-----000-0-rum-d</controlfield><datafield ind1=" " ind2=" " tag="040"><subfield code="a">IFIN-HH</subfield></datafield><datafield ind1=" " ind2=" " tag="041"><subfield code="a">rum</subfield></datafield><datafield ind1="1" ind2=" " tag="100"><subfield code="a">Filipescu, Dumitru</subfield></datafield><datafield ind1="1" ind2="0" tag="245"><subfield code="a">Probabilitati geometrice si aplicatii</subfield><subfield code="c">Dumitru Filipescu ; Rodica Trandafir ; Dan Zorilescu</subfield></datafield><datafield ind1=" " ind2=" " tag="260"><subfield code="a">Cluj-napoca, Editura Dacia, 1981</subfield></datafield><datafield ind1=" " ind2=" " tag="300"><subfield code="a">270 P</subfield></datafield><datafield ind1="1" ind2=" " tag="700"><subfield code="a">Zorilescu, Dan</subfield></datafield><datafield ind1=" " ind2=" " tag="852"><subfield code="a">49314</subfield><subfield code="c">519.2</subfield></datafield><datafield ind1=" " ind2=" " tag="CAT"><subfield code="a">Sys</subfield><subfield code="c">20100608</subfield><subfield code="h">100011</subfield></datafield></record></collection>